@misc{vellage_2017,
    title={Beautiful typesetting made simple},
    url={https://www.latex-tutorial.com/},
    author={Vellage, Claudio},
    year={2017},
    month={Oct},
    note={Accessed: 2019-04-27}
}

@misc{ieeetran,
    title={How to Use the IEEEtran LaTeX class},
    url={https://mirror.unpad.ac.id/ctan/macros/latex/contrib/IEEEtran/IEEEtran\_HOWTO.pdf},
    author={Michael Shell},
    year={2015},
    month={Aug},
}